@misc{project2,
    title={FYS3150 Computational Physics - Project 2},
    author={Morten Hjorth-Jensen},
    year={2018},
    note={\url{https://github.com/CompPhysics/ComputationalPhysics/blob/master/doc/Projects/2018/Project2/pdf/Project2.pdf}}
}
@misc{lecture_ode,
    title={Computational Physics Lectures: Ordinary differential equations},
    author={Morten Hjorth-Jensen},
    year={2017},
    note={\url{http://compphysics.github.io/ComputationalPhysics/doc/pub/ode/pdf/ode-print.pdf}} 
}
@misc{lecture_linalg,
    title={Computational Physics Lectures: Linear Algebra methods},
    author={Morten Hjorth-Jensen},
    year={2018},
    note={\url{http://compphysics.github.io/ComputationalPhysics/doc/pub/linalg/pdf/linalg-print.pdf}}
}
@misc{eigenvalues,
	title={Computational Physics Lectures: Eigenvalue problems},
	author={Morten Hjorth-Jensen},
	year={2018},
	note={\url{http://compphysics.github.io/ComputationalPhysics/doc/pub/eigvalues/html/eigvalues.html}}
}