@book{Pulsars,
	title={Pulsars},
	author={{F.Graham Smith, F.R.S., former Director of the Royal Greenwich Observatory (1976-1981)}},
	publisher={Cambridge University Press},
	year={1977}
}

@misc{EssentialRadioAstronomy,
	title={Essential Radio Astronomy, Chapter 6: Pulsars},
	author={Jim Condon},
	howpublished={Online resource hosted by National Radio Astronomy Observatory (US)},
	note={{\scriptsize{\url{https://www.cv.nrao.edu/~sransom/web/Ch6.html}}}},
	year={Last modifed 2016}
}

@misc{IntegratedPulseProfile,
	title={Integrated pulse profile of a pulsar},
	howpublished={Original work by Lorimer Kramer (Handbook of Pulsar Astronomy), republished by AstroBaki},
	note={{\scriptsize{\url{https://casper.berkeley.edu/astrobaki/index.php/Dispersion_measure}}}},
	year={{Last Modified December \(6^\text{th}\) 2017}}
}


