@book{book,
    title={The Elements of Statistical Learning: Data Mining, Inference, and Prediction},
    author={Trevor Hastie, Robert Tibshirani, Jerome Friedman.},
    year={2017},
    note={publisher: Spring, Second Edition},
}
@misc{project,
	title={FYS-STK 3155: Machine Learning Project 2},
	author={Morten Hjorth-Jensen},
	note={{\scriptsize\url{https://compphysics.github.io/MachineLearning/doc/Projects/2018/Project2/pdf/Project2.pdf}}}
}

@misc{notes,
	title={FYS-STK 3155: Lecture Notes GitHub},
	author={Morten Hjorth-Jensen},
	note={{\scriptsize\url{https://compphysics.github.io/MachineLearning/doc/web/course.html}}}
}

@misc{notebooks,
	title={Machine Learning Notebooks},
	author={Pankaj Mehta},
	note={{\scriptsize\url{https://physics.bu.edu/~pankajm/ML-Notebooks/HTML/}}}
}
